
@MISC{URL:GitHub,
   title     = {{GitHub (Repositorio)}},
   note      = {\url{https://github.com/alu0100207385/ChefManagement}}
}

